2576 4464
428 529 474 588 IN
495 527 740 586 sannanim.
1019 530 1055 588 17

156 695 175 734 *
189 693 281 768 Supra
292 695 361 748 :-“
374 688 504 749 Plurima
520 685 815 762 ¹atscrnn'dclcrr'aa‘nu
836 691 862 744 ct
883 704 955 744 cana
972 691 998 744 et
1014 687 1056 745 a'r-

108 791 204 852 riud’
245 790 321 865 argo
335 789 453 860 fortasse
466 787 569 848 lacuna
587 786 798 846 eelz-rariora
819 790 846 843 et
865 785 956 844 minas
985 783 1057 864 [for-

110 889 263 958 midolosa
288 889 384 954 miuus
405 886 495 960 irritu,
520 885 632 965 minus]
655 905 737 946 uana.
778 885 853 944 Nam
877 884 914 942 de
935 883 1058 944 infracto

110 989 215 1048 ordine
228 989 294 1046 vide
310 988 371 1048 00.
386 985 442 1045 SS.
457 986 489 1043 in
509 985 628 1043 Sallust.
642 1004 689 1060 pp.
706 989 742 1056 9.,
758 988 803 1042 10.

162 1127 212 1192 99.
234 1133 255 1162 “
268 1125 401 1210 adjacit*
414 1137 446 1190 et
461 1124 631 1190 clausulam
645 1122 719 1186 :-''

158 1255 177 1292 ὕ
192 1253 324 1328 Suspicor
343 1257 410 1312 anta
439 1253 512 1310 haee
546 1251 688 1310 excidisse
709 1250 819 1326 aliqua:
842 1248 1060 1308 adamlienlibaoe

116 1371 179 1409 eam
193 1350 322 1426 lucrymis
337 1351 397 1429 (vel
411 1355 437 1408 at
447 1349 700 1428 illacrymantibus)
715 1348 784 1407 illia.

88 1557 99 1566 ,
169 1491 239 1555 100.
266 1490 381 1554 “Obiit
412 1539 419 1554 .
446 1537 451 1550 .
476 1539 483 1553 .
510 1488 742 1574 septuagesimo
773 1497 805 1550 et
831 1501 920 1550 sexto
935 1485 1059 1550 ¹aetatis

122 1619 215 1676 anno,
231 1596 340 1660 diebus
355 1596 496 1682 quinque
509 1607 541 1658 et
559 1593 686 1680 triginta
701 1591 858 1656 minus.’'*

161 1745 180 1782 ἢ
192 1745 280 1802 Plane
291 1745 499 1819 septuagesimo
513 1748 542 1802 et
556 1747 638 1801 sexto
652 1743 753 1800 aetatis
768 1741 839 1799 obiit
853 1760 945 1811 anno;
967 1759 1060 1816 neque

124 1861 156 1898 ea
169 1863 213 1904 res
223 1844 298 1900 facta
306 1842 398 1900 minui
410 1849 511 1918 potest
551 1843 630 1900 Fort.
643 1846 793 1916 aoptaaqa.
808 1844 916 1898 elacata
927 1837 1059 1918 [exacto]

122 1942 221 1998 aetatis
242 1959 322 1997 uano.
363 1940 496 1998 Ceterum
518 1941 650 2016 exemplo
670 1942 723 1997 hcc
743 1938 900 2014 particulae
913 1938 1061 2013 augendus

121 2045 166 2094 est
180 2038 268 2094 Hand
282 2037 345 2094 III.
357 2041 422 2098 617.
439 2045 464 2097 8.

488 2254 526 2316 ln
546 2258 706 2319 Tiberium.

169 2405 198 2466 6.
225 2401 422 2465 “Infantiam
439 2402 667 2488 pueritiamque
683 2401 792 2465 habuit
806 2401 1009 2465 laboriosam*
1031 2411 1064 2462 et

125 2509 324 2572 exercitam*
338 2508 357 2537 '³

165 2639 237 2680 ⁹⁶-
251 2638 270 2674 ’θ
284 2625 380 2695 Habes
415 2638 643 2695 emendationem
677 2639 824 2695 doctorum
858 2636 985 2694 virorum
1013 2655 1063 2710 pro

123 2736 253 2794 ecdicum
278 2737 400 2794 lectione
428 2737 598 2796 luxuriosam
619 2742 646 2796 al
665 2738 850 2796 exercitatam.
892 2736 967 2793 Mihi
980 2737 1063 2811 longe

125 2836 205 2892 aliud
219 2836 356 2910 quiddam
370 2837 402 2893 in
415 2843 540 2895 mentem
553 2837 640 2908 venit,
657 2837 781 2896 lucratam
790 2842 817 2895 at
830 2841 984 2894 acoeatram.

170 2975 219 3036 24.
246 2973 327 3038 “diu
338 2988 443 3038 tamen
455 2975 628 3040 recusavit*
640 2974 912 3058 impudentissimo
925 2975 1053 3037 mimo.”

167 3104 186 3141 ἢ
199 3103 277 3162 Fert.
299 3103 436 3162 recasavit
456 3101 626 3180 [imperium
648 3101 805 3180 suscipere]
828 3103 893 3176 imp.
915 3121 950 3159 m.
967 3104 1066 3176 Pergit

129 3203 442 3260 Suetonium-“nunc
457 3203 639 3260 adhortantes
649 3203 753 3260 amicos
765 3202 923 3276 increpans,
939 3208 973 3258 ut
987 3201 1065 3275 igna-

130 3318 184 3368 ros,
208 3314 318 3375 quanta
337 3301 434 3358 bellua
456 3306 530 3359 esset
550 3301 692 3376 imperium
703 3323 714 3365 ;
735 3343 742 3358 .
764 3343 798 3365 .,
840 3301 966 3357 Tandem
985 3301 1068 3375 quasi

130 3406 268 3456 coactus.
293 3443 299 3457 .
323 3444 328 3456 .
352 3401 460 3476 recepit
470 3401 644 3474 imperium.”

175 3539 224 3602 75.
252 3539 389 3604 “Morte
415 3540 482 3623 ejus
507 3538 551 3600 ita
575 3537 706 3602 laetatus
722 3551 769 3602 est
795 3538 941 3625 populus,
967 3551 1002 3602 ut
1029 3538 1068 3602 ad

130 3644 267 3730 primum
284 3647 433 3709 nuncium
450 3645 658 3708 discurrentes
674 3667 744 3730 pars
765 3648 931 3710 Tiberium*
957 3651 988 3709 in
1019 3648 1072 3709 lt·-

134 3754 223 3814 lerim
241 3751 445 3826 clamitarent,
464 3751 610 3838 pars-.''
