2576 4464
469 556 768 615 rususrorruu.
821 515 833 551 ⁸
1036 562 1069 614 re

166 723 185 758 ⁴*
196 757 236 767 -
250 723 267 757 ⁴*
282 723 337 779 Pro
357 717 495 778 valueram
515 716 630 776 mallem
646 716 792 784 vulturam,
807 721 841 774 nt
855 715 1067 792 significaverit,

8 891 10 902 ,
118 843 193 882 aves
218 823 270 879 has
293 818 377 896 quasi
399 817 524 876 animata
548 817 678 893 sepulcra
701 835 771 875 esse.
814 815 925 874 Deinde
952 815 1070 874 fortasse

113 926 235 996 partem
247 939 298 996 pro
309 921 475 994 potestatem.

172 1061 222 1124 16.
247 1055 403 1120 “Bellum
419 1053 561 1118 Siculum
577 1053 758 1118 inchoavit*
774 1053 807 1116 in
820 1053 961 1140 primis.”

136 1207 137 1212 ’
164 1209 184 1246 ³⁶
199 1205 295 1265 Scribe
308 1203 418 1278 irpipra
431 1201 587 1260 inchoavit:
608 1201 643 1258 of.
664 1200 723 1258 ott.
747 1204 781 1268 8.,
810 1199 1067 1276 “Expeditionem
1118 1205 1122 1214 '

119 1302 239 1377 inpigre
252 1299 415 1357 iaaloaaa'i.”

171 1438 254 1505 Ibid.
281 1435 406 1501 “Unde
421 1433 595 1522 praebitam
614 1435 756 1499 Antonio
773 1435 936 1500 materiam
953 1457 1066 1522 expro-

123 1545 288 1612 brandi.*‘'

166 1698 184 1734 ἦ
200 1697 276 1753 Fert.
292 1689 613 1768 armanalanam
627 1647 779 1748 collatioris
793 1689 829 1746 ad
842 1688 903 1746 Jal.
922 1691 968 1754 79.

172 1835 219 1897 17.
246 1831 320 1894 “Et
336 1831 513 1894 Antonium
529 1829 676 1916 quidem.
695 1877 702 1894 .
720 1879 727 1893 .
745 1827 785 1892 ad
800 1840 934 1891 mortem
950 1827 1069 1912 adegit,

128 1940 270 2023 viditque
286 1943 477 2000 mortuum!
524 1935 788 2022 Cleopatrae-.''

167 2068 186 2104 θ’
199 2064 281 2122 Adde
305 2083 364 2120 eam
386 2062 524 2138 lacrymis,
552 2063 582 2118 id
610 2063 686 2136 quod
713 2067 835 2137 poterat,
864 2061 974 2137 opinor,
1004 2065 1070 2118 ante

16 2203 22 2214 ·
132 2163 293 2237 Cleopatrae
306 2161 445 2220 excidere.
488 2161 530 2219 Cf.
547 2161 741 2218 Plutarchum.

173 2281 252 2344 lbid.
290 2279 510 2366 “Cleopatrae
537 2328 543 2342 .
570 2328 577 2342 .
604 2329 610 2343 .
637 2278 731 2341 etiam
756 2278 880 2364 Psyllos
896 2277 1067 2357 admovit*

129 2387 183 2473 qui
192 2409 349 2450 venenum
365 2409 401 2450 ao
412 2385 497 2448 virus
522 2396 724 2470 exsugerent,
736 2383 821 2469 quod
833 2383 949 2468 perisse
963 2405 1069 2446 morsu

129 2493 245 2579 aspidis
260 2492 463 2579 putabatur.''

165 2622 184 2658 ἢ
199 2620 296 2678 Scribe
322 2621 405 2677 etiam
427 2619 539 2694 Paplloa
564 2618 675 2697 [adhue
698 2616 835 2696 spiranti]
864 2617 1002 2675 amovit:
1032 2618 1068 2674 of.

132 2717 191 2774 Tib.
208 2723 266 2784 21„
295 2725 312 2750 “
323 2719 474 2792 spirantem
496 2718 585 2776 aditae
599 2719 768 2792 Augustum
789 2716 911 2792 reperit;
923 2715 943 2744 ”
965 2721 995 2774 et
1011 2715 1069 2776 Cal.

134 2816 210 2887 12.,’'
238 2818 364 2891 spiranti
386 2819 472 2876 addar
494 2817 607 2876 detrahi
633 2816 781 2875 anulum.''
824 2815 898 2874 Vide
925 2817 1012 2874 etiam
1035 2815 1072 2872 ad

131 2916 249 2973 Sallust.
296 2916 357 2975 Cat.
384 2922 430 2974 61.
460 2922 489 2974 et
519 2917 593 2974 ota.
620 2917 651 2972 ia
679 2915 756 2976 Oaat.
780 2935 808 2990 p.
836 2919 881 2972 10.
930 2917 973 2972 At
995 2914 1071 2971 enirn

129 3025 248 3090 quaeret
271 3015 345 3090 quis,
366 3017 429 3085 Quo
453 3016 535 3072 modo
555 3015 605 3072 illa
633 3016 767 3090 spirabat,
794 3013 822 3071 si
837 3015 900 3090 jam
925 2994 1072 3088 perierat?

130 3115 191 3190 Ego
214 3135 279 3172 vero
302 3114 476 3172 Sallustiana
497 3115 558 3172 loeo
578 3133 623 3171 me
637 3115 753 3171 tuebor:
769 3150 809 3162 -
825 3112 979 3170 “Catilina
1000 3156 1006 3169 .
1032 3155 1038 3167 .
1063 3155 1069 3168 .

129 3219 258 3290 repertus
284 3219 337 3286 est,
360 3212 508 3287 paululum
535 3213 618 3270 etiam
645 3213 768 3286 spirans,
798 3213 933 3269 ferociam
970 3211 1070 3279 animi,

130 3331 215 3387 quam
236 3312 368 3371 babuerat
386 3313 472 3383 aleas,
497 3314 528 3368 in
554 3311 634 3370 voltu
654 3310 811 3369 retinens.''
853 3310 918 3368 Etsi
934 3323 1068 3384 uterque,

129 3413 235 3488 opinor,
252 3421 281 3470 et
295 3412 419 3471 Catilina
432 3416 462 3470 et
475 3411 632 3486 Cleopatra,
649 3412 723 3469 nihil
737 3411 861 3486 amplius
876 3429 962 3486 quam
978 3410 1066 3468 eolla-

131 3511 264 3570 bentibus
277 3511 461 3587 pulmonibus
474 3511 647 3586 exspirabat.

175 3635 225 3694 31.
251 3635 270 3666 “
284 3631 357 3714 quia
371 3631 431 3692 hoe
448 3629 531 3693 sibi.
557 3675 565 3691 .
592 3677 597 3690 .
613 3629 752 3716 insignes
768 3627 920 3692 victoriae
938 3627 1071 3714 obtigis-

134 3739 230 3801 sent.*
277 3734 482 3800 Sacerdotem
499 3736 572 3800 —.’'
