2576 4464
354 1293 767 1426 ruinartio.

483 1587 640 1616 ...0—

96 1791 196 1868 QUUM
219 1788 336 1855 Codex·
360 1786 488 1874 quidam
511 1785 555 1850 M.
570 1785 602 1851 S.
626 1785 768 1849 Suetonii
792 1784 932 1849 Virorum
949 1785 1034 1848 XII.

98 1899 262 1962 Caesarum
277 1893 361 1981 apud
371 1915 421 1956 me
432 1903 524 1968 esset,
537 1891 701 1978 pauciores
713 1902 817 1954 autem
827 1891 922 1978 longe
935 1891 1036 1956 Oodd.

95 2002 187 2066 MSS.
204 2002 237 2064 in
252 2001 313 2064 hoc
328 1998 491 2085 scriptore,
515 2020 610 2084 quam
625 1997 658 2060 in
680 1996 840 2083 plerisque
856 1993 923 2060 aliis
940 1997 1036 2084 scrip-

94 2108 214 2172 toribus
241 2105 369 2185 Latinis,
400 2115 505 2168 essent
531 2103 645 2180 collati,
677 2103 788 2190 utique
818 2103 944 2169 Codicis
973 2104 1037 2167 mei

92 2210 280 2300 periculum,
304 2208 412 2296 quales
438 2209 569 2280 afferret,
584 2208 747 2289 lectiones,
772 2208 953 2274 faciendum
976 2233 1036 2296 pu-

94 2319 169 2382 tavi.
229 2318 341 2404 ltaque
379 2316 474 2402 hujus
506 2317 638 2397 Jattam,
673 2313 839 2395 Octauium,
885 2317 1037 2380 Tiberium

94 2448 167 2488 cum
183 2423 268 2488 edito
285 2433 437 2488 contextu
450 2421 785 2510 Baumgarten·0rusii
800 2421 930 2486 collatos
946 2422 1034 2511 dedi3

92 2554 199 2618 neque
221 2552 336 2618 operae
359 2527 503 2616 poenitet
518 2527 699 2594 collocatae.
746 2528 895 2594 Ceterum
912 2540 959 2593 est
975 2529 1035 2592 Oo-

92 2639 157 2703 dex
180 2638 374 2715 chartaceus,
401 2634 518 2700 saeculi
532 2657 600 2714 xv,
623 2633 742 2698 formae
757 2635 927 2710 maximae,
951 2634 1035 2697 soliis

93 2747 179 2824 107,
194 2743 228 2806 in
244 2741 426 2818 Germania,
438 2752 475 2804 ut
484 2740 607 2826 opinor,
624 2740 768 2827 scriptus.
814 2740 893 2806 Post
903 2741 1036 2825 inscrip-

90 2853 212 2915 tionem
233 2847 414 2934 interpositi
428 2857 502 2911 sunt
516 2846 585 2911 noti
595 2847 642 2910 illi
653 2847 791 2912 Ausonii
805 2847 839 2910 in
849 2847 1036 2910 Suetonium

89 2977 213 3020 versus.
257 2952 402 3040 Capitula
417 2951 527 3016 eadem
543 2952 609 3017 fere
624 2953 729 3035 habet,
746 2975 827 3038 quae
843 2953 945 3017 editus
961 2974 1037 3016 oon-

90 3075 219 3140 textus;
260 3072 292 3124 et
317 3059 490 3145 uuicuique
510 3059 680 3124 rubricatio
704 3081 761 3123 sua
786 3059 958 3146 praemissa
979 3069 1037 3121 est.

91 3168 211 3232 Scribit
241 3172 394 3249 temptare,
424 3170 597 3248 dampnare,
626 3170 807 3248 calumpnia,
844 3171 1036 3246 autumpnus,

90 3297 243 3356 compota,
256 3277 422 3355 columpna,
438 3276 611 3354 celeumata
631 3294 711 3358 quae
722 3294 782 3358 ego
793 3271 898 3336 omnia
908 3293 1039 3357 corrup·¹

91 3380 184 3456 tioni‚
201 3381 395 3444 inveteratae
416 3377 626 3463 quantumvis,
648 3377 704 3442 sed
718 3389 824 3442 tamen
842 3377 1037 3464 corruptioni

91 3508 210 3550 censeo
225 3484 404 3550 tribuenda.
449 3483 612 3570 Syncopae
627 3482 821 3570 vulgatiores
836 3483 950 3548 multae
972 3506 1038 3547 non

91 3590 228 3677 recepit.
273 3589 432 3656 Lacunam
447 3612 543 3654 unam
558 3600 591 3654 et
612 3588 740 3657 alteram
756 3588 871 3676 prodit,
887 3589 943 3652 ubi
959 3588 1038 3651 nihil

92 3697 237 3790 sentiunt
261 3695 397 3762 editores
421 3695 543 3762 deesse.
595 3694 696 3781 Cujus
723 3694 839 3760 codicis
860 3697 927 3780 jam
952 3693 1038 3759 Vitis
