2576 4464
546 601 672 790 §aava
694 673 897 769 Auctore:—

297 856 320 909 1.
343 852 529 929 Conjeoturae
543 851 871 928 Animadversionesque
886 852 1008 911 criticae
1026 851 1058 910 in
1071 853 1113 910 M.
1135 852 1207 909 Cor-

254 952 325 1009 nelii
339 952 501 1022 Frontonis,
517 953 567 1009 &c
609 956 637 1010 8.
653 950 786 1009 Dabtiaa'i
802 953 886 1010 1841.

296 1056 322 1108 2.
343 1050 565 1109 Emendationes
578 1050 611 1108 in
633 1050 779 1126 Epistolas
797 1049 950 1121 Ciceronis,
980 1068 1055 1126 quae
1079 1049 1210 1106 suntad

253 1148 419 1207 Familiares
432 1154 462 1208 et
476 1149 513 1206 ed
524 1149 654 1207 Atticam
664 1149 774 1207 missae.
789 1149 909 1207 Accedit
917 1148 1082 1207 Fasciculus
1094 1147 1205 1206 Emen-

253 1248 401 1305 dationum
414 1247 446 1304 in
460 1247 619 1324 Scriptores
632 1247 742 1305 Varios.
788 1251 833 1310 12.
853 1247 878 1304 I
877 1247 932 1305 bid.
950 1248 1033 1305 1854.

293 1353 319 1404 3.
342 1347 561 1405 Observationes
581 1345 614 1404 in
632 1346 709 1404 Loca
721 1345 844 1423 Aliquot
858 1345 1008 1405 Ciceronis
1051 1345 1206 1403 Accedunt

250 1446 281 1503 in
297 1447 452 1513 Caesarem,
463 1448 647 1516 Frontonem,
663 1444 799 1517 Gellium,
815 1444 944 1503 Plinium
956 1444 1104 1520 nonnulla.
1155 1450 1201 1504 12.

248 1546 329 1603 Ibid.
362 1549 457 1616 1863„
477 1550 531 1603 la‘

290 1652 318 1704 4.
340 1646 561 1704 Emendationes
574 1643 721 1702 Livianae.
764 1647 808 1701 12.
825 1643 899 1702 [bid.
918 1648 1010 1717 1864„
1026 1649 1066 1705 2⁸.

288 1751 314 1802 5.
328 1745 547 1803 Observationes
559 1742 590 1801 in
605 1742 639 1808 Q.
655 1741 790 1801 Curtium
804 1743 923 1801 Rufum.
949 1746 994 1803 12.
1009 1744 1083 1814 Itid.
1097 1747 1197 1820 1865„

258 1849 295 1902 la.
311 1845 356 1900 od.

287 1942 315 2000 6.
331 1943 369 1998 In
383 1940 517 2000 Sallustii
535 1939 685 1998 Catilinam
699 1943 729 1998 et
741 1939 911 2016 Juffattam
923 1941 1015 2001 Curae
1039 1942 1196 2002 Secundae.

246 2042 353 2098 Insunt
370 2039 523 2099 varietates
539 2037 672 2097 lectionis
691 2037 875 2097 notabiliores
889 2039 978 2099 Codd.
994 2041 1080 2102 MSS.
1094 2043 1194 2101 trium.

249 2145 292 2198 12.
303 2140 381 2196 Itan.
398 2144 497 2209 1865„
515 2143 556 2196 aa.
573 2137 619 2200 od.

287 2244 313 2299 7.
335 2239 559 2298 Emendationes
572 2239 712 2297 Livianae
720 2238 846 2296 Alteras.
881 2237 1034 2298 Accedunt
1042 2240 1074 2298 in
1087 2243 1193 2301 Emen-

244 2339 373 2396 dationes
383 2339 492 2414 priores
505 2357 590 2396 curae
603 2337 753 2396 secundae.
799 2339 844 2395 12.
866 2335 940 2395 nia.
958 2337 1053 2409 1867„
1072 2343 1110 2398 la.

284 2445 311 2499 8.
333 2438 553 2523 Observationes
573 2437 604 2496 in
620 2438 794 2496 Frontonem
812 2437 977 2512 nuperrime
994 2437 1109 2514 Lipsiae
1131 2442 1190 2498 edi-

244 2551 317 2597 tum.
359 2544 387 2594 8.
408 2537 601 2608 ratmot,
620 2540 658 2595 lc.

285 2645 312 2696 9.
336 2637 484 2695 Hannibal
510 2637 661 2695 Defensus.
716 2633 847 2694 Tertium
880 2633 983 2694 editus.
1042 2642 1086 2696 12.
1113 2638 1187 2697 Itali.
1249 2682 1250 2698 .

245 2740 340 2806 1868„
360 2741 396 2794 la.

285 2841 329 2894 10.
350 2835 574 2895 Emendationes
584 2832 722 2893 Livianae
732 2833 855 2894 Tertiae.
883 2839 926 2894 12.
938 2834 1016 2898 Ittd.
1034 2839 1185 2905 1869.‚od.

285 2940 329 2994 11.
352 2933 571 2993 Observationes
593 2932 625 2990 in
648 2933 774 2991 Probum
797 2938 827 3012 et
846 2935 996 3012 Nepotem.
1041 2935 1183 2994 12.·Iba'd.

244 3041 339 3105 1872„
354 3035 399 3094 td.

633 3172 783 3230 Parantar

280 3291 500 3354 Observationes
514 3290 545 3348 in
558 3289 691 3348 Frontini
707 3291 945 3368 Stratepematiec.

278 3412 502 3476 Emendationes
515 3409 652 3469 Livianae
666 3409 800 3478 Quartae.

363 3777 476 3820 Dublinii:
491 3779 602 3825 lmnrossit
610 3783 640 3822 M.
649 3783 680 3823 H.
690 3782 755 3831 Gran,
764 3761 1061 3832 AcademiacTypbgraphus.
1106 3798 1108 3804 ·
